% Encoding: UTF-8
@article{peoplebot:2001,
  title={Pioneer 2/PeopleBotâ„¢},
  author={Activmedia Robotics, LLC},
  journal={Operations Manual, Version},
  year={2001}
}

@misc{youbot:2016,
  author = {KUKA Robotics Group},
  title = {{KUKA youBot Robot}},
  howpublished = "\url{http://www.youbot-store.com/}",
  year = {2016}, 
  note = "[Online; accessed 29-January-2016]"
}